%YAML 1.1
%TAG !u! tag:unity3d.com,2011:
--- !u!29 &1
OcclusionCullingSettings:
  m_ObjectHideFlags: 0
  serializedVersion: 2
  m_OcclusionBakeSettings:
    smallestOccluder: 5
    smallestHole: 0.25
    backfaceThreshold: 100
  m_SceneGUID: 00000000000000000000000000000000
  m_OcclusionCullingData: {fileID: 0}
--- !u!104 &2
RenderSettings:
  m_ObjectHideFlags: 0
  serializedVersion: 9
  m_Fog: 0
  m_FogColor: {r: 0.5, g: 0.5, b: 0.5, a: 1}
  m_FogMode: 3
  m_FogDensity: 0.01
  m_LinearFogStart: 0
  m_LinearFogEnd: 300
  m_AmbientSkyColor: {r: 0.212, g: 0.227, b: 0.259, a: 1}
  m_AmbientEquatorColor: {r: 0.114, g: 0.125, b: 0.133, a: 1}
  m_AmbientGroundColor: {r: 0.047, g: 0.043, b: 0.035, a: 1}
  m_AmbientIntensity: 1
  m_AmbientMode: 3
  m_SubtractiveShadowColor: {r: 0.42, g: 0.478, b: 0.627, a: 1}
  m_SkyboxMaterial: {fileID: 0}
  m_HaloStrength: 0.5
  m_FlareStrength: 1
  m_FlareFadeSpeed: 3
  m_HaloTexture: {fileID: 0}
  m_SpotCookie: {fileID: 10001, guid: 0000000000000000e000000000000000, type: 0}
  m_DefaultReflectionMode: 0
  m_DefaultReflectionResolution: 128
  m_ReflectionBounces: 1
  m_ReflectionIntensity: 1
  m_CustomReflection: {fileID: 0}
  m_Sun: {fileID: 0}
  m_IndirectSpecularColor: {r: 0, g: 0, b: 0, a: 1}
  m_UseRadianceAmbientProbe: 0
--- !u!157 &3
LightmapSettings:
  m_ObjectHideFlags: 0
  serializedVersion: 12
  m_GIWorkflowMode: 1
  m_GISettings:
    serializedVersion: 2
    m_BounceScale: 1
    m_IndirectOutputScale: 1
    m_AlbedoBoost: 1
    m_EnvironmentLightingMode: 0
    m_EnableBakedLightmaps: 0
    m_EnableRealtimeLightmaps: 0
  m_LightmapEditorSettings:
    serializedVersion: 12
    m_Resolution: 2
    m_BakeResolution: 40
    m_AtlasSize: 1024
    m_AO: 0
    m_AOMaxDistance: 1
    m_CompAOExponent: 1
    m_CompAOExponentDirect: 0
    m_ExtractAmbientOcclusion: 0
    m_Padding: 2
    m_LightmapParameters: {fileID: 0}
    m_LightmapsBakeMode: 1
    m_TextureCompression: 1
    m_FinalGather: 0
    m_FinalGatherFiltering: 1
    m_FinalGatherRayCount: 256
    m_ReflectionCompression: 2
    m_MixedBakeMode: 2
    m_BakeBackend: 1
    m_PVRSampling: 1
    m_PVRDirectSampleCount: 32
    m_PVRSampleCount: 512
    m_PVRBounces: 2
    m_PVREnvironmentSampleCount: 256
    m_PVREnvironmentReferencePointCount: 2048
    m_PVRFilteringMode: 1
    m_PVRDenoiserTypeDirect: 1
    m_PVRDenoiserTypeIndirect: 1
    m_PVRDenoiserTypeAO: 1
    m_PVRFilterTypeDirect: 0
    m_PVRFilterTypeIndirect: 0
    m_PVRFilterTypeAO: 0
    m_PVREnvironmentMIS: 1
    m_PVRCulling: 1
    m_PVRFilteringGaussRadiusDirect: 1
    m_PVRFilteringGaussRadiusIndirect: 5
    m_PVRFilteringGaussRadiusAO: 2
    m_PVRFilteringAtrousPositionSigmaDirect: 0.5
    m_PVRFilteringAtrousPositionSigmaIndirect: 2
    m_PVRFilteringAtrousPositionSigmaAO: 1
    m_ExportTrainingData: 0
    m_TrainingDataDestination: TrainingData
    m_LightProbeSampleCountMultiplier: 4
  m_LightingDataAsset: {fileID: 0}
  m_LightingSettings: {fileID: 0}
--- !u!196 &4
NavMeshSettings:
  serializedVersion: 2
  m_ObjectHideFlags: 0
  m_BuildSettings:
    serializedVersion: 2
    agentTypeID: 0
    agentRadius: 0.5
    agentHeight: 2
    agentSlope: 45
    agentClimb: 0.4
    ledgeDropHeight: 0
    maxJumpAcrossDistance: 0
    minRegionArea: 2
    manualCellSize: 0
    cellSize: 0.16666667
    manualTileSize: 0
    tileSize: 256
    accuratePlacement: 0
    maxJobWorkers: 0
    preserveTilesOutsideBounds: 0
    debug:
      m_Flags: 0
  m_NavMeshData: {fileID: 0}
--- !u!1001 &449141974
PrefabInstance:
  m_ObjectHideFlags: 0
  serializedVersion: 2
  m_Modification:
    m_TransformParent: {fileID: 0}
    m_Modifications:
    - target: {fileID: 5316976604037774712, guid: 50b45211ec046684686d6c11492aad47, type: 3}
      propertyPath: m_LocalPosition.x
      value: 0
      objectReference: {fileID: 0}
    - target: {fileID: 5316976604037774712, guid: 50b45211ec046684686d6c11492aad47, type: 3}
      propertyPath: m_LocalPosition.y
      value: 0
      objectReference: {fileID: 0}
    - target: {fileID: 5316976604037774712, guid: 50b45211ec046684686d6c11492aad47, type: 3}
      propertyPath: m_LocalPosition.z
      value: 0
      objectReference: {fileID: 0}
    - target: {fileID: 5316976604037774713, guid: 50b45211ec046684686d6c11492aad47, type: 3}
      propertyPath: m_Follow
      value: 
      objectReference: {fileID: 1845234706}
    - target: {fileID: 5316976604933103906, guid: 50b45211ec046684686d6c11492aad47, type: 3}
      propertyPath: m_LocalPosition.x
      value: -0.0000009536743
      objectReference: {fileID: 0}
    - target: {fileID: 5316976604933103906, guid: 50b45211ec046684686d6c11492aad47, type: 3}
      propertyPath: m_LocalPosition.y
      value: 0
      objectReference: {fileID: 0}
    - target: {fileID: 5316976604933103906, guid: 50b45211ec046684686d6c11492aad47, type: 3}
      propertyPath: m_LocalPosition.z
      value: -10
      objectReference: {fileID: 0}
    - target: {fileID: 5316976604933103906, guid: 50b45211ec046684686d6c11492aad47, type: 3}
      propertyPath: m_LocalRotation.x
      value: 0
      objectReference: {fileID: 0}
    - target: {fileID: 5316976604933103906, guid: 50b45211ec046684686d6c11492aad47, type: 3}
      propertyPath: m_LocalRotation.y
      value: 0
      objectReference: {fileID: 0}
    - target: {fileID: 5316976604933103906, guid: 50b45211ec046684686d6c11492aad47, type: 3}
      propertyPath: m_LocalRotation.z
      value: 0
      objectReference: {fileID: 0}
    - target: {fileID: 5316976604933103906, guid: 50b45211ec046684686d6c11492aad47, type: 3}
      propertyPath: m_LocalRotation.w
      value: 1
      objectReference: {fileID: 0}
    - target: {fileID: 5316976604933103906, guid: 50b45211ec046684686d6c11492aad47, type: 3}
      propertyPath: m_RootOrder
      value: 2
      objectReference: {fileID: 0}
    - target: {fileID: 5316976604933103906, guid: 50b45211ec046684686d6c11492aad47, type: 3}
      propertyPath: m_LocalEulerAnglesHint.x
      value: 0
      objectReference: {fileID: 0}
    - target: {fileID: 5316976604933103906, guid: 50b45211ec046684686d6c11492aad47, type: 3}
      propertyPath: m_LocalEulerAnglesHint.y
      value: 0
      objectReference: {fileID: 0}
    - target: {fileID: 5316976604933103906, guid: 50b45211ec046684686d6c11492aad47, type: 3}
      propertyPath: m_LocalEulerAnglesHint.z
      value: 0
      objectReference: {fileID: 0}
    - target: {fileID: 5316976604933104093, guid: 50b45211ec046684686d6c11492aad47, type: 3}
      propertyPath: orthographic size
      value: 10
      objectReference: {fileID: 0}
    - target: {fileID: 5316976604933104094, guid: 50b45211ec046684686d6c11492aad47, type: 3}
      propertyPath: m_Name
      value: Main Camera (1)
      objectReference: {fileID: 0}
    m_RemovedComponents: []
  m_SourcePrefab: {fileID: 100100000, guid: 50b45211ec046684686d6c11492aad47, type: 3}
--- !u!1 &536349610
GameObject:
  m_ObjectHideFlags: 0
  m_CorrespondingSourceObject: {fileID: 0}
  m_PrefabInstance: {fileID: 0}
  m_PrefabAsset: {fileID: 0}
  serializedVersion: 6
  m_Component:
  - component: {fileID: 536349612}
  - component: {fileID: 536349611}
  - component: {fileID: 536349613}
  - component: {fileID: 536349614}
  - component: {fileID: 536349618}
  - component: {fileID: 536349617}
  - component: {fileID: 536349616}
  - component: {fileID: 536349615}
  m_Layer: 0
  m_Name: camposHelados2
  m_TagString: Untagged
  m_Icon: {fileID: 0}
  m_NavMeshLayer: 0
  m_StaticEditorFlags: 0
  m_IsActive: 1
--- !u!212 &536349611
SpriteRenderer:
  m_ObjectHideFlags: 0
  m_CorrespondingSourceObject: {fileID: 0}
  m_PrefabInstance: {fileID: 0}
  m_PrefabAsset: {fileID: 0}
  m_GameObject: {fileID: 536349610}
  m_Enabled: 1
  m_CastShadows: 0
  m_ReceiveShadows: 0
  m_DynamicOccludee: 1
  m_MotionVectors: 1
  m_LightProbeUsage: 1
  m_ReflectionProbeUsage: 1
  m_RayTracingMode: 0
  m_RayTraceProcedural: 0
  m_RenderingLayerMask: 1
  m_RendererPriority: 0
  m_Materials:
  - {fileID: 10754, guid: 0000000000000000f000000000000000, type: 0}
  m_StaticBatchInfo:
    firstSubMesh: 0
    subMeshCount: 0
  m_StaticBatchRoot: {fileID: 0}
  m_ProbeAnchor: {fileID: 0}
  m_LightProbeVolumeOverride: {fileID: 0}
  m_ScaleInLightmap: 1
  m_ReceiveGI: 1
  m_PreserveUVs: 0
  m_IgnoreNormalsForChartDetection: 0
  m_ImportantGI: 0
  m_StitchLightmapSeams: 1
  m_SelectedEditorRenderState: 0
  m_MinimumChartSize: 4
  m_AutoUVMaxDistance: 0.5
  m_AutoUVMaxAngle: 89
  m_LightmapParameters: {fileID: 0}
  m_SortingLayerID: 0
  m_SortingLayer: 0
  m_SortingOrder: 0
  m_Sprite: {fileID: 21300000, guid: f7602f91aaf26b6468d1207caacdb11a, type: 3}
  m_Color: {r: 1, g: 1, b: 1, a: 1}
  m_FlipX: 0
  m_FlipY: 0
  m_DrawMode: 0
  m_Size: {x: 38.399998, y: 21.599998}
  m_AdaptiveModeThreshold: 0.5
  m_SpriteTileMode: 0
  m_WasSpriteAssigned: 1
  m_MaskInteraction: 0
  m_SpriteSortPoint: 0
--- !u!4 &536349612
Transform:
  m_ObjectHideFlags: 0
  m_CorrespondingSourceObject: {fileID: 0}
  m_PrefabInstance: {fileID: 0}
  m_PrefabAsset: {fileID: 0}
  m_GameObject: {fileID: 536349610}
  m_LocalRotation: {x: 0, y: 0, z: 0, w: 1}
  m_LocalPosition: {x: 0, y: 0, z: 0}
  m_LocalScale: {x: 2.620541, y: 2.6164763, z: 2.620541}
  m_Children: []
  m_Father: {fileID: 0}
  m_RootOrder: 0
  m_LocalEulerAnglesHint: {x: 0, y: 0, z: 0}
--- !u!68 &536349613
EdgeCollider2D:
  m_ObjectHideFlags: 0
  m_CorrespondingSourceObject: {fileID: 0}
  m_PrefabInstance: {fileID: 0}
  m_PrefabAsset: {fileID: 0}
  m_GameObject: {fileID: 536349610}
  m_Enabled: 1
  m_Density: 1
  m_Material: {fileID: 0}
  m_IsTrigger: 0
  m_UsedByEffector: 0
  m_UsedByComposite: 0
  m_Offset: {x: 0, y: 0}
  m_EdgeRadius: 0
  m_Points:
  - {x: -19.199999, y: 0}
  - {x: -19.19305, y: -10.801067}
  - {x: -8.494896, y: -10.777014}
  - {x: -8.831617, y: -10.663095}
  - {x: -9.433122, y: -10.292508}
  - {x: -9.455822, y: -9.649373}
  - {x: -9.331311, y: -8.451813}
  - {x: -10.198141, y: -8.721864}
  - {x: -10.957023, y: -8.905008}
  - {x: -11.8541, y: -9.0193205}
  - {x: -12.885784, y: -9.065061}
  - {x: -13.6581, y: -8.80318}
  - {x: -13.89553, y: -8.383677}
  - {x: -14.151337, y: -7.676846}
  - {x: -14.439174, y: -7.042334}
  - {x: -13.74298, y: -6.406854}
  - {x: -13.042738, y: -6.1987414}
  - {x: -12.418952, y: -5.890623}
  - {x: -12.038369, y: -5.542306}
  - {x: -11.336802, y: -5.590018}
  - {x: -10.47334, y: -5.9717813}
  - {x: -9.748886, y: -6.4901175}
  - {x: -9.3515625, y: -7.091098}
  - {x: -8.806706, y: -7.270492}
  - {x: -7.09836, y: -5.77341}
  - {x: -6.2532177, y: -4.865008}
  - {x: -4.7758718, y: -3.533602}
  - {x: -3.2626252, y: -2.2825356}
  - {x: -2.453427, y: -1.5442419}
  - {x: 0.33119497, y: -1.361637}
  - {x: 4.827975, y: -0.61734056}
  - {x: 7.4459615, y: 0.3941245}
  - {x: 8.236548, y: 0.8522566}
  - {x: 9.521023, y: 1.7388316}
  - {x: 10.480308, y: 2.0891485}
  - {x: 11.207756, y: 2.2700713}
  - {x: 12.527407, y: 2.3010998}
  - {x: 13.875497, y: 2.1324081}
  - {x: 15.08785, y: 2.0817397}
  - {x: 15.927884, y: 2.1239061}
  - {x: 18.06105, y: 2.5980139}
  - {x: 19.245144, y: 2.9565458}
  - {x: 19.16269, y: 3.575616}
  - {x: 17.050543, y: 3.1491616}
  - {x: 15.307628, y: 3.2964592}
  - {x: 14.720933, y: 3.6361525}
  - {x: 14.368427, y: 4.1230674}
  - {x: 14.305986, y: 4.633914}
  - {x: 14.90269, y: 4.842705}
  - {x: 15.182216, y: 5.058925}
  - {x: 15.198233, y: 5.30022}
  - {x: 14.988879, y: 5.6139526}
  - {x: 12.274067, y: 6.178346}
  - {x: 9.405351, y: 6.369297}
  - {x: 6.141039, y: 6.186538}
  - {x: 1.6641525, y: 6.1860948}
  - {x: -19.218695, y: 5.813353}
  - {x: -19.170492, y: -0.016424}
  m_AdjacentStartPoint: {x: 0, y: 0}
  m_AdjacentEndPoint: {x: 0, y: 0}
  m_UseAdjacentStartPoint: 0
  m_UseAdjacentEndPoint: 0
--- !u!68 &536349614
EdgeCollider2D:
  m_ObjectHideFlags: 0
  m_CorrespondingSourceObject: {fileID: 0}
  m_PrefabInstance: {fileID: 0}
  m_PrefabAsset: {fileID: 0}
  m_GameObject: {fileID: 536349610}
  m_Enabled: 1
  m_Density: 1
  m_Material: {fileID: 0}
  m_IsTrigger: 0
  m_UsedByEffector: 0
  m_UsedByComposite: 0
  m_Offset: {x: 0, y: 0}
  m_EdgeRadius: 0
  m_Points:
  - {x: -9.850987, y: -2.8846126}
  - {x: -10.300586, y: -2.7279904}
  - {x: -10.701543, y: -2.491728}
  - {x: -11.237996, y: -2.287383}
  - {x: -11.757825, y: -1.9309123}
  - {x: -12.218019, y: -1.562525}
  - {x: -12.419706, y: -1.299213}
  - {x: -12.576598, y: -0.88755405}
  - {x: -12.898179, y: -0.33361676}
  - {x: -13.082008, y: 0.36930093}
  - {x: -13.115535, y: 1.1070737}
  - {x: -12.754729, y: 1.7346559}
  - {x: -12.097484, y: 1.8100691}
  - {x: -11.310635, y: 1.8288615}
  - {x: -10.104281, y: 1.9385157}
  - {x: -9.19717, y: 1.7586906}
  - {x: -8.212545, y: 1.7643279}
  - {x: -7.1455665, y: 1.7207972}
  - {x: -6.4767423, y: 1.5348756}
  - {x: -5.971468, y: 1.1940497}
  - {x: -5.7292175, y: 0.67653203}
  - {x: -5.744155, y: -0.17958245}
  - {x: -5.821353, y: -0.8105546}
  - {x: -5.9564247, y: -1.2811677}
  - {x: -6.3313913, y: -1.4148939}
  - {x: -6.828696, y: -1.5105441}
  - {x: -7.2923007, y: -1.7206517}
  - {x: -7.8465724, y: -2.1289096}
  - {x: -8.605316, y: -2.5375712}
  - {x: -9.258947, y: -2.8271523}
  - {x: -9.722527, y: -2.856144}
  - {x: -9.876341, y: -2.888808}
  m_AdjacentStartPoint: {x: 0, y: 0}
  m_AdjacentEndPoint: {x: 0, y: 0}
  m_UseAdjacentStartPoint: 0
  m_UseAdjacentEndPoint: 0
--- !u!68 &536349615
EdgeCollider2D:
  m_ObjectHideFlags: 0
  m_CorrespondingSourceObject: {fileID: 0}
  m_PrefabInstance: {fileID: 0}
  m_PrefabAsset: {fileID: 0}
  m_GameObject: {fileID: 536349610}
  m_Enabled: 1
  m_Density: 1
  m_Material: {fileID: 0}
  m_IsTrigger: 0
  m_UsedByEffector: 0
  m_UsedByComposite: 0
  m_Offset: {x: 0, y: 0}
  m_EdgeRadius: 0
  m_Points:
  - {x: 9.080007, y: 4.732402}
  - {x: 8.709171, y: 4.7701597}
  - {x: 8.406478, y: 4.845345}
  - {x: 8.234826, y: 4.923013}
  - {x: 8.0994005, y: 5.0595245}
  - {x: 8.162537, y: 5.1367455}
  - {x: 8.34708, y: 5.2209086}
  - {x: 8.662653, y: 5.289831}
  - {x: 9.165278, y: 5.2719493}
  - {x: 9.545412, y: 5.2284255}
  - {x: 9.887099, y: 5.1302814}
  - {x: 10.056552, y: 4.965305}
  - {x: 10.093885, y: 4.7776566}
  - {x: 9.937418, y: 4.768116}
  - {x: 9.763297, y: 4.7060475}
  - {x: 9.453324, y: 4.725162}
  - {x: 9.043892, y: 4.741704}
  m_AdjacentStartPoint: {x: 0, y: 0}
  m_AdjacentEndPoint: {x: 0, y: 0}
  m_UseAdjacentStartPoint: 0
  m_UseAdjacentEndPoint: 0
--- !u!68 &536349616
EdgeCollider2D:
  m_ObjectHideFlags: 0
  m_CorrespondingSourceObject: {fileID: 0}
  m_PrefabInstance: {fileID: 0}
  m_PrefabAsset: {fileID: 0}
  m_GameObject: {fileID: 536349610}
  m_Enabled: 1
  m_Density: 1
  m_Material: {fileID: 0}
  m_IsTrigger: 0
  m_UsedByEffector: 0
  m_UsedByComposite: 0
  m_Offset: {x: 0, y: 0}
  m_EdgeRadius: 0
  m_Points:
  - {x: 9.330999, y: 4.2661576}
  - {x: 8.862677, y: 4.334262}
  - {x: 8.453375, y: 4.325662}
  - {x: 8.008178, y: 4.2764277}
  - {x: 7.7824774, y: 4.080421}
  - {x: 7.8787217, y: 3.8507738}
  - {x: 8.185494, y: 3.7143722}
  - {x: 8.495317, y: 3.5729346}
  - {x: 8.828054, y: 3.536486}
  - {x: 9.540503, y: 3.4891493}
  - {x: 10.106869, y: 3.5868025}
  - {x: 10.536544, y: 3.73237}
  - {x: 10.515566, y: 3.9280367}
  - {x: 10.255898, y: 4.078601}
  - {x: 9.804646, y: 4.1936946}
  - {x: 9.286845, y: 4.2651057}
  m_AdjacentStartPoint: {x: 0, y: 0}
  m_AdjacentEndPoint: {x: 0, y: 0}
  m_UseAdjacentStartPoint: 0
  m_UseAdjacentEndPoint: 0
--- !u!68 &536349617
EdgeCollider2D:
  m_ObjectHideFlags: 0
  m_CorrespondingSourceObject: {fileID: 0}
  m_PrefabInstance: {fileID: 0}
  m_PrefabAsset: {fileID: 0}
  m_GameObject: {fileID: 536349610}
  m_Enabled: 1
  m_Density: 1
  m_Material: {fileID: 0}
  m_IsTrigger: 0
  m_UsedByEffector: 0
  m_UsedByComposite: 0
  m_Offset: {x: 0, y: 0}
  m_EdgeRadius: 0
  m_Points:
  - {x: 1.8668203, y: 1.1398718}
  - {x: 1.5783801, y: 1.2044408}
  - {x: 1.3527945, y: 1.2452967}
  - {x: 1.0842019, y: 1.2220131}
  - {x: 0.8450651, y: 1.2482785}
  - {x: 0.5408779, y: 1.3684431}
  - {x: 0.27708197, y: 1.550802}
  - {x: 0.12167965, y: 1.7748878}
  - {x: 0.007179886, y: 2.0454235}
  - {x: 0.054412305, y: 2.2036343}
  - {x: 0.39684337, y: 2.3841982}
  - {x: 0.87394434, y: 2.5043948}
  - {x: 1.1525978, y: 2.4997945}
  - {x: 1.7052282, y: 2.5203338}
  - {x: 2.1787791, y: 2.397084}
  - {x: 2.4515934, y: 2.3398511}
  - {x: 3.2027702, y: 2.0711017}
  - {x: 3.6092794, y: 1.7956042}
  - {x: 3.7199278, y: 1.6555382}
  - {x: 3.453223, y: 1.4299239}
  - {x: 3.2643871, y: 1.3122221}
  - {x: 2.8521492, y: 1.1951699}
  - {x: 2.5750272, y: 1.1477324}
  - {x: 2.1414318, y: 1.0644386}
  - {x: 1.7975651, y: 1.1571054}
  m_AdjacentStartPoint: {x: 0, y: 0}
  m_AdjacentEndPoint: {x: 0, y: 0}
  m_UseAdjacentStartPoint: 0
  m_UseAdjacentEndPoint: 0
--- !u!68 &536349618
EdgeCollider2D:
  m_ObjectHideFlags: 0
  m_CorrespondingSourceObject: {fileID: 0}
  m_PrefabInstance: {fileID: 0}
  m_PrefabAsset: {fileID: 0}
  m_GameObject: {fileID: 536349610}
  m_Enabled: 1
  m_Density: 1
  m_Material: {fileID: 0}
  m_IsTrigger: 0
  m_UsedByEffector: 0
  m_UsedByComposite: 0
  m_Offset: {x: 0, y: 0}
  m_EdgeRadius: 0
  m_Points:
  - {x: -6.9553967, y: 3.6484096}
  - {x: -7.157767, y: 3.6640441}
  - {x: -7.5396056, y: 3.7194102}
  - {x: -7.8241673, y: 3.8051922}
  - {x: -8.004568, y: 3.9609568}
  - {x: -7.871785, y: 4.111544}
  - {x: -7.6724873, y: 4.310084}
  - {x: -7.4050217, y: 4.444966}
  - {x: -7.0203557, y: 4.5444164}
  - {x: -6.659615, y: 4.5490856}
  - {x: -6.2254353, y: 4.529767}
  - {x: -6.044574, y: 4.4125876}
  - {x: -5.943263, y: 4.1880755}
  - {x: -6.005958, y: 4.0484924}
  - {x: -6.1478066, y: 3.8993773}
  - {x: -6.345616, y: 3.7921026}
  - {x: -6.578955, y: 3.6862674}
  - {x: -6.9750957, y: 3.6554942}
  m_AdjacentStartPoint: {x: 0, y: 0}
  m_AdjacentEndPoint: {x: 0, y: 0}
  m_UseAdjacentStartPoint: 0
  m_UseAdjacentEndPoint: 0
--- !u!1001 &1271608936
PrefabInstance:
  m_ObjectHideFlags: 0
  serializedVersion: 2
  m_Modification:
    m_TransformParent: {fileID: 0}
    m_Modifications:
    - target: {fileID: 8260594391604404420, guid: 1fa308fc60679974ca1f2bdff6907df0, type: 3}
      propertyPath: m_Name
      value: Protagonista
      objectReference: {fileID: 0}
    - target: {fileID: 8260594391604404428, guid: 1fa308fc60679974ca1f2bdff6907df0, type: 3}
      propertyPath: m_LocalPosition.x
      value: 0
      objectReference: {fileID: 0}
    - target: {fileID: 8260594391604404428, guid: 1fa308fc60679974ca1f2bdff6907df0, type: 3}
      propertyPath: m_LocalPosition.y
      value: 0
      objectReference: {fileID: 0}
    - target: {fileID: 8260594391604404428, guid: 1fa308fc60679974ca1f2bdff6907df0, type: 3}
      propertyPath: m_LocalPosition.z
      value: 0
      objectReference: {fileID: 0}
    - target: {fileID: 8260594391604404428, guid: 1fa308fc60679974ca1f2bdff6907df0, type: 3}
      propertyPath: m_LocalRotation.x
      value: 0
      objectReference: {fileID: 0}
    - target: {fileID: 8260594391604404428, guid: 1fa308fc60679974ca1f2bdff6907df0, type: 3}
      propertyPath: m_LocalRotation.y
      value: 0
      objectReference: {fileID: 0}
    - target: {fileID: 8260594391604404428, guid: 1fa308fc60679974ca1f2bdff6907df0, type: 3}
      propertyPath: m_LocalRotation.z
      value: 0
      objectReference: {fileID: 0}
    - target: {fileID: 8260594391604404428, guid: 1fa308fc60679974ca1f2bdff6907df0, type: 3}
      propertyPath: m_LocalRotation.w
      value: 1
      objectReference: {fileID: 0}
    - target: {fileID: 8260594391604404428, guid: 1fa308fc60679974ca1f2bdff6907df0, type: 3}
      propertyPath: m_RootOrder
      value: 1
      objectReference: {fileID: 0}
    - target: {fileID: 8260594391604404428, guid: 1fa308fc60679974ca1f2bdff6907df0, type: 3}
      propertyPath: m_LocalEulerAnglesHint.x
      value: 0
      objectReference: {fileID: 0}
    - target: {fileID: 8260594391604404428, guid: 1fa308fc60679974ca1f2bdff6907df0, type: 3}
      propertyPath: m_LocalEulerAnglesHint.y
      value: 0
      objectReference: {fileID: 0}
    - target: {fileID: 8260594391604404428, guid: 1fa308fc60679974ca1f2bdff6907df0, type: 3}
      propertyPath: m_LocalEulerAnglesHint.z
      value: 0
      objectReference: {fileID: 0}
    - target: {fileID: 8260594391604404428, guid: 1fa308fc60679974ca1f2bdff6907df0, type: 3}
      propertyPath: m_LocalScale.x
      value: 0.5729292
      objectReference: {fileID: 0}
    - target: {fileID: 8260594391604404428, guid: 1fa308fc60679974ca1f2bdff6907df0, type: 3}
      propertyPath: m_LocalScale.y
      value: 0.5729292
      objectReference: {fileID: 0}
    - target: {fileID: 8260594391604404428, guid: 1fa308fc60679974ca1f2bdff6907df0, type: 3}
      propertyPath: m_LocalScale.z
      value: 0.5729292
      objectReference: {fileID: 0}
    m_RemovedComponents: []
  m_SourcePrefab: {fileID: 100100000, guid: 1fa308fc60679974ca1f2bdff6907df0, type: 3}
--- !u!4 &1845234706 stripped
Transform:
  m_CorrespondingSourceObject: {fileID: 8260594391604404428, guid: 1fa308fc60679974ca1f2bdff6907df0, type: 3}
  m_PrefabInstance: {fileID: 1271608936}
  m_PrefabAsset: {fileID: 0}
